0020100106740520370000000000000003072490000050000          12112712112712112700000000000000000000000                          
0020100106740520370000000000000003011710000035520          12112712112812112800000000000000000000000                          
0020100106740520370000000000000003012350000017760          12112712112812112800000000000000000000000                          
0020100106740520370000000000000003046250000065225          12112812112812112800000000000000000000000                          
0020100106740520370000000000000003064490000014895          12112812112812112800000000000000000000000                          
0020100106740520370000000000000003068860000572605          12112912112912112900000000000000000000000                          
0020100106740520370000000000000003069510000412885          12112912112912112900000000000000000000000                          
0020100106740520370000000000000003076860000161290          12112812112912112900000000000000000000000                          
999010010674999999999999999999999999999000001330180000000000008121203000000000000000000                                       
